<record><leader>00000cas a22000007a 4500</leader><controlfield tag="001">13707517</controlfield><controlfield tag="008">860609c198u9999nyuqr ne      0   a0eng d</controlfield><datafield ind1=" " ind2=" " tag="010"><subfield code="a">sn 86014473 </subfield></datafield><datafield ind1=" " ind2=" " tag="040"><subfield code="a">NSD</subfield><subfield code="b">eng</subfield><subfield code="c">NSD</subfield><subfield code="d">CNW</subfield><subfield code="d">NYS</subfield><subfield code="d">OCLCQ</subfield><subfield code="d">OCLCF</subfield><subfield code="d">OCLCO</subfield></datafield><datafield ind1=" " ind2=" " tag="012"><subfield code="l">1</subfield></datafield><datafield ind1="0" ind2=" " tag="022"><subfield code="a">0888-661X</subfield><subfield code="l">0888-661X</subfield><subfield code="2">1</subfield></datafield><datafield ind1="1" ind2=" " tag="029"><subfield code="a">AU@</subfield><subfield code="b">000021114302</subfield></datafield><datafield ind1=" " ind2=" " tag="037"><subfield code="b">Hudson Valley Grass Roots Energy and Environmental Network, Inc., PO Box 208, Red Hook, NY 12571</subfield></datafield><datafield ind1=" " ind2=" " tag="042"><subfield code="a">nsdp</subfield><subfield code="a">msc</subfield></datafield><datafield ind1=" " ind2=" " tag="043"><subfield code="a">n-us-ny</subfield></datafield><datafield ind1="1" ind2="0" tag="082"><subfield code="a">333</subfield><subfield code="2">11</subfield></datafield><datafield ind1="0" ind2=" " tag="210"><subfield code="a">Hudson Vall. green times</subfield></datafield><datafield ind1=" " ind2="4" tag="222"><subfield code="a">The Hudson Valley green times</subfield></datafield><datafield ind1="0" ind2="4" tag="245"><subfield code="a">The Hudson Valley green times.</subfield></datafield><datafield ind1="1" ind2="3" tag="246"><subfield code="a">Green</subfield></datafield><datafield ind1="1" ind2="3" tag="246"><subfield code="a">Green times</subfield></datafield><datafield ind1="1" ind2="3" tag="246"><subfield code="a">Hudson Valley green</subfield></datafield><datafield ind1=" " ind2=" " tag="260"><subfield code="a">Red Hook, N.Y. :</subfield><subfield code="b">Hudson Valley Grass Roots Energy &amp; Environmental Network</subfield></datafield><datafield ind1=" " ind2=" " tag="300"><subfield code="a">v. :</subfield><subfield code="b">ill. ;</subfield><subfield code="c">45 cm.</subfield></datafield><datafield ind1=" " ind2=" " tag="310"><subfield code="a">Quarterly,</subfield><subfield code="b">&lt;1999&gt;</subfield></datafield><datafield ind1=" " ind2=" " tag="321"><subfield code="a">Semimonthly,</subfield><subfield code="b">&lt;1981&gt;</subfield></datafield><datafield ind1=" " ind2=" " tag="588"><subfield code="a">Description based on: Vol. 1, no. 6 (Holiday 1981).</subfield></datafield><datafield ind1=" " ind2=" " tag="588"><subfield code="a">Latest issue consulted: Vol. 19, no. 3 (Winter 1999).</subfield></datafield><datafield ind1=" " ind2="0" tag="650"><subfield code="a">Environmental protection</subfield><subfield code="z">New York (State)</subfield><subfield code="z">New York</subfield><subfield code="x">Citizen participation</subfield><subfield code="v">Newspapers.</subfield></datafield><datafield ind1=" " ind2="0" tag="650"><subfield code="a">Antinuclear movement</subfield><subfield code="z">New York (State)</subfield><subfield code="z">New York</subfield><subfield code="v">Newspapers.</subfield></datafield><datafield ind1=" " ind2="0" tag="651"><subfield code="a">Red Hook (N.Y.)</subfield><subfield code="v">Newspapers.</subfield></datafield><datafield ind1=" " ind2="0" tag="651"><subfield code="a">Dutchess County (N.Y.)</subfield><subfield code="v">Newspapers.</subfield></datafield><datafield ind1=" " ind2="7" tag="655"><subfield code="a">Newspapers.</subfield><subfield code="2">fast</subfield><subfield code="0">(OCoLC)fst01423814</subfield></datafield><datafield ind1=" " ind2="7" tag="650"><subfield code="a">Antinuclear movement.</subfield><subfield code="2">fast</subfield><subfield code="0">(OCoLC)fst00810626</subfield></datafield><datafield ind1=" " ind2="7" tag="650"><subfield code="a">Environmental protection</subfield><subfield code="x">Citizen participation.</subfield><subfield code="2">fast</subfield><subfield code="0">(OCoLC)fst00913332</subfield></datafield><datafield ind1=" " ind2="7" tag="651"><subfield code="a">New York (State)</subfield><subfield code="z">Dutchess County.</subfield><subfield code="2">fast</subfield><subfield code="0">(OCoLC)fst01207498</subfield></datafield><datafield ind1=" " ind2="7" tag="651"><subfield code="a">New York (State)</subfield><subfield code="z">New York.</subfield><subfield code="2">fast</subfield><subfield code="0">(OCoLC)fst01204333</subfield></datafield><datafield ind1=" " ind2="7" tag="651"><subfield code="a">New York (State)</subfield><subfield code="z">Red Hook.</subfield><subfield code="2">fast</subfield><subfield code="0">(OCoLC)fst01219350</subfield></datafield><datafield ind1="2" ind2=" " tag="710"><subfield code="a">Hudson Valley Grass Roots Energy and Environmental Network.</subfield></datafield><datafield ind1=" " ind2=" " tag="752"><subfield code="a">United States</subfield><subfield code="b">New York</subfield><subfield code="c">Dutchess</subfield><subfield code="d">Red Hook.</subfield></datafield></record>